@book{Image_Info,
	author = "WIKIPEDIA",
	title = "SPRING",
	note = "\url{http://www.wildml.com/2015/11/understanding-convolutional-neural-networks-for-nlp/}",
}
